%% This BibTeX bibliography file was created using BibDesk.
%% http://bibdesk.sourceforge.net/


%% Created for Maïeul at 2013-09-27 18:29:57 +0200 


%% Saved with string encoding Unicode (UTF-8) 



@url{Rouquette_geek_biblatex,
	Author = {Maïeul Rouquette},
	Date-Added = {2013-09-27 14:04:23 +0000},
	Date-Modified = {2013-09-27 14:06:16 +0000},
	Title = {BibLaTeX},
	Url = {http://geekographie.maieul.net/-Biblatex-},
	Bdsk-Url-1 = {http://geekographie.maieul.net/-Biblatex-}}

@book{Rouquette2012,
	Address = {Tampere},
	Author = {Maïeul Rouquette},
	Date-Added = {2013-09-27 14:04:21 +0000},
	Date-Modified = {2013-09-27 14:04:21 +0000},
	Publisher = {Atramenta},
	Title = {(Xe)LaTeX appliqué aux sciences humaines},
	Year = {2012}}

@book{biblatex_doc,
	Author = {Philipp Lehman},
	Date-Added = {2013-09-27 12:56:03 +0000},
	Date-Modified = {2013-09-27 16:29:56 +0000},
	Title = {The biblatex Package}}
